@inproceedings{drebin-paper,
  author = {Arp, Daniel and Spreitzenbarth, Michael and Hubner, Malte and Gascon, Hugo and Rieck, Konrad},
  booktitle = {NDSS},
  publisher = {The Internet Society},
  title = {{DREBIN: Effective and Explainable Detection of Android Malware in Your Pocket.}},
  year = 2014
}
